@article{2022-koma-mri,
	author   = {Castillo-Passi, Carlos and Coronado, Ronal and Varela-Mattatall, Gabriel and Alberola-López, Carlos and Botnar, René and Irarrazaval, Pablo},
	title    = {KomaMRI.jl: An open-source framework for general MRI simulations with GPU acceleration},
	journal  = {Magnetic Resonance in Medicine},
	keywords = {Bloch equations, GPU, GUI, Julia, open source, simulation},
	doi      = {10.1002/mrm.29635},
	year     = {2022}
}

@article{2002-splitting-methods,
	title     = {Splitting methods},
	volume    = {11},
	doi       = {10.1017/S0962492902000053},
	journal   = {Acta Numerica},
	publisher = {Cambridge University Press},
	author    = {McLachlan, Robert I. and Quispel, G. Reinout W.},
	year      = {2002},
	pages     = {341-434}
}

@article{2020-biot-savart-evaluation-fft,
	author    = {Yazdanian, Hassan and Saturnino, Guilherme B. and Thielscher, Axel and Knudsen, Kim},
	title     = {{Fast evaluation of the Biot-Savart integral using FFT for electrical conductivity imaging}},
	journal   = {J. Comput. Phys.},
	volume    = {411},
	pages     = {109408},
	year      = {2020},
	month     = jun,
	issn      = {0021-9991},
	publisher = {Academic Press},
	doi       = {10.1016/j.jcp.2020.109408}
}

@article{2022-convolution-theorem,
	author       = {Russell Herman},
	organization = {University of North Carolina Wilmington},
	title        = {{9.9: The Convolution Theorem}},
	journal      = {Mathematics LibreTexts},
	year         = {2022},
	month        = jul,
	publisher    = {Libretexts},
	url          = {https://math.libretexts.org/Bookshelves/Differential_Equations/Introduction_to_Partial_Differential_Equations_(Herman)/09%3A_Transform_Techniques_in_Physics/9.09%3A_The_Convolution_Theorem}
}

@article{2018-optim-jl,
	author  = {Mogensen, Patrick K. and Riseth, Asbj{\o}rn N.},
	title   = {{Optim: A mathematical optimization package for Julia}},
	journal = {Journal of Open Source Software},
	volume  = {3},
	number  = {24},
	pages   = {615},
	year    = {2018},
	month   = apr,
	issn    = {2475-9066},
	doi     = {10.21105/joss.00615}
}
